@article{memsistor,
  title={Experimental demonstration of associative memory with memristive neural networks},
  author={Pershin, Yuriy V and Di Ventra, Massimiliano},
  journal={Neural Networks},
  volume={23},
  number={7},
  pages={881--886},
  year={2010},
  publisher={Elsevier}
}
