% Wenting
@article{computational_abilities,
  title={Neural networks and physical systems with emergent collective computational abilities},
  author={Hopfield, John J},
  journal={Proceedings of the national academy of sciences},
  volume={79},
  number={8},
  pages={2554--2558},
  year={1982},
  publisher={National Acad Sciences}
}

@article{optical_processing,
  title={Optical information processing based on an associative-memory model of neural nets with thresholding and feedback},
  author={Psaltis, Demetri and Farhat, Nabil},
  journal={Optics Letters},
  volume={10},
  number={2},
  pages={98--100},
  year={1985},
  publisher={Optical Society of America}
}

@article{capacity_of_nonmonotonic_model,
  title={Capacity of associative memory using a nonmonotonic neuron model},
  author={Yoshizawa, Shuji and Morita, Masahiko and Amari, Shun-Ichi},
  journal={Neural Networks},
  volume={6},
  number={2},
  pages={167--176},
  year={1993},
  publisher={Elsevier}
}

@article{stimulus_unitization_and_aging,
  title={Implicit memory for novel associations between pictures: effects of stimulus unitization and aging},
  author={Kan, Irene P and Keane, Margaret M and Martin, Elizabeth and Parks-Stamm, Elizabeth J and Lewis, Lindsay and Verfaellie, Mieke},
  journal={Memory \& cognition},
  volume={39},
  number={5},
  pages={778--790},
  year={2011},
  publisher={Springer}
}

% Lucas
@inproceedings{salakhutdinov2009deep,
  title={Deep boltzmann machines},
  author={Salakhutdinov, Ruslan and Hinton, Geoffrey E},
  booktitle={International conference on artificial intelligence and statistics},
  pages={448--455},
  year={2009}
}
@article{eslami2014shape,
  title={The shape boltzmann machine: a strong model of object shape},
  author={Eslami, SM Ali and Heess, Nicolas and Williams, Christopher KI and Winn, John},
  journal={International Journal of Computer Vision},
  volume={107},
  number={2},
  pages={155--176},
  year={2014},
  publisher={Springer}
}
@techreport{smolensky1986information,
  title={Information processing in dynamical systems: Foundations of harmony theory},
  author={Smolensky, Paul},
  year={1986},
  institution={DTIC Document}
}
@inproceedings{hinton2012better,
  title={A better way to pretrain deep boltzmann machines},
  author={Hinton, Geoffrey E and Salakhutdinov, Ruslan R},
  booktitle={Advances in Neural Information Processing Systems},
  pages={2447--2455},
  year={2012}
}
@inproceedings{dahl2010phone,
  title={Phone recognition with the mean-covariance restricted Boltzmann machine},
  author={Dahl, George and Mohamed, Abdel-rahman and Hinton, Geoffrey E and others},
  booktitle={Advances in neural information processing systems},
  pages={469--477},
  year={2010}
}
@article{metropolis1953equation,
  title={Equation of state calculations by fast computing machines},
  author={Metropolis, Nicholas and Rosenbluth, Arianna W and Rosenbluth, Marshall N and Teller, Augusta H and Teller, Edward},
  journal={The journal of chemical physics},
  volume={21},
  number={6},
  pages={1087--1092},
  year={1953},
  publisher={AIP Publishing}
}
@article{ackley1985learning,
  title={A learning algorithm for Boltzmann machines},
  author={Ackley, David H and Hinton, Geoffrey E and Sejnowski, Terrence J},
  journal={Cognitive science},
  volume={9},
  number={1},
  pages={147--169},
  year={1985},
  publisher={Elsevier}
}

@article{capacity_of_hopfield,
  title={The capacity of the Hopfield associative memory},
  author={McEliece, Robert J and Posner, Edward C and Rodemich, Eugene R and Venkatesh, Santosh S},
  journal={Information Theory, IEEE Transactions on},
  volume={33},
  number={4},
  pages={461--482},
  year={1987},
  publisher={IEEE}
}

@article{high-order_neural_networks,
  title={Learning, invariance, and generalization in high-order neural networks},
  author={Giles, C Lee and Maxwell, Tom},
  journal={Applied optics},
  volume={26},
  number={23},
  pages={4972--4978},
  year={1987},
  publisher={Optical Society of America}
}

@article{neural_network_models_for_associative_memory,
  title={Neural network models for pattern recognition and associative memory},
  author={Carpenter, Gail A},
  journal={Neural networks},
  volume={2},
  number={4},
  pages={243--257},
  year={1989},
  publisher={Elsevier}
}

@article{sparsely_encoded_associative_memory,
  title={Characteristics of sparsely encoded associative memory},
  author={Amari, Shun-Ichi},
  journal={Neural Networks},
  volume={2},
  number={6},
  pages={451--457},
  year={1989},
  publisher={Elsevier}
}

% Robin
@article{memristor_conditioning,
  title={Experimental demonstration of associative memory with memristive neural networks},
  author={Pershin, Yuriy V and Di Ventra, Massimiliano},
  journal={Neural Networks},
  volume={23},
  number={7},
  pages={881--886},
  year={2010},
  publisher={Elsevier}
}

@article{principle_of_neural_associative_memory,
  title={A principle of neural associative memory},
  author={Kohonen, T and Lehti{\"o}, P and Rovamo, J and Hyv{\"a}rinen, J and Bry, K and Vainio, L},
  journal={Neuroscience},
  volume={2},
  number={6},
  pages={1065--1076},
  year={1977},
  publisher={Elsevier}
}

@book{parallel_models_of_associative_memory,
  title={Parallel Models of Associative Memory: Updated Edition},
  author={Hinton, Geoffrey E and Anderson, James A},
  year={2014},
  publisher={Psychology press}
}

@article{associative_memory_using_small-world_architecture,
  title={Efficient associative memory using small-world architecture},
  author={Bohland, Jason W and Minai, Ali A},
  journal={Neurocomputing},
  volume={38},
  pages={489--496},
  year={2001},
  publisher={Elsevier}
}

@article{associatron,
  title={Associatron-a model of associative memory},
  author={Nakano, Kaoru},
  journal={Systems, Man and Cybernetics, IEEE Transactions on},
  number={3},
  pages={380--388},
  year={1972},
  publisher={IEEE}
}

@article{associative_search_network,
  title={Associative search network: A reinforcement learning associative memory},
  author={Barto, Andrew G and Sutton, Richard S and Brouwer, Peter S},
  journal={Biological cybernetics},
  volume={40},
  number={3},
  pages={201--211},
  year={1981},
  publisher={Springer}
}

@article{deep_machine_learning,
  title={Deep machine learning-a new frontier in artificial intelligence research [research frontier]},
  author={Arel, Itamar and Rose, Derek C and Karnowski, Thomas P},
  journal={Computational Intelligence Magazine, IEEE},
  volume={5},
  number={4},
  pages={13--18},
  year={2010},
  publisher={IEEE}
}

@article{on_associative_memory,
  title={On associative memory},
  author={Palm, G{\"u}nther},
  journal={Biological cybernetics},
  volume={36},
  number={1},
  pages={19--31},
  year={1980},
  publisher={Springer}
}

@article{from_cell_to_cortex,
  title={Associative memory models: from the cell-assembly theory to biophysically detailed cortex simulations},
  author={Lansner, Anders},
  journal={Trends in neurosciences},
  volume={32},
  number={3},
  pages={178--186},
  year={2009},
  publisher={Elsevier}
}

@misc{net_doing_all_the_work,
  author={Kwabena Boahen},
  title={A computer that works like the brain},
  howpublished={TED talk},
  month={june},
  year={2007},
  note={[Online] Available: \url{https://www.ted.com/talks/kwabena_boahen_on_a_computer_that_works_like_the_brain}. [Accessed: 9 may, 2016]},
}

@misc{intelligence_is_prediction,
  author={Jeff Hawkins},
  title={How brain science will change computing},
  howpublished={TED talk},
  month={feb},
  year={2003},
  note={[Online] Available: \url{https://www.ted.com/talks/jeff_hawkins_on_how_brain_science_will_change_computing}. [Accessed: 9 may, 2016]},
}

@article{ahah,
  title={AHaH Computing--From Metastable Switches to Attractors to Machine Learning},
  author={Nugent, Michael Alexander and Molter, Timothy Wesley},
  journal={PloS one},
  volume={9},
  number={2},
  pages={e85175},
  year={2014},
  publisher={Public Library of Science}
}

@article{chua_memristor,
  title={Memristor-the missing circuit element},
  author={Chua, Leon O},
  journal={Circuit Theory, IEEE Transactions on},
  volume={18},
  number={5},
  pages={507--519},
  year={1971},
  publisher={IEEE}
}

@article{hp_memristor_found,
  title={The missing memristor found},
  author={Strukov, Dmitri B and Snider, Gregory S and Stewart, Duncan R and Williams, R Stanley},
  journal={nature},
  volume={453},
  number={7191},
  pages={80--83},
  year={2008},
  publisher={Nature Publishing Group}
}

@article{memristor_hayes,
  title={The memristor},
  author={Hayes, Brian},
  journal={American Scientist},
  volume={99},
  number={2},
  pages={106--110},
  year={2011}
}
